@book{exemple,
	author    = {Jean Dupont},
	title     = {Un livre intéressant},
	publisher = {Éditions XYZ},
	year      = {2023},
	location  = {Paris}
}